@Manual{R-base,
  title = {R: A Language and Environment for Statistical Computing},
  author = {{R Core Team}},
  organization = {R Foundation for Statistical Computing},
  address = {Vienna, Austria},
  year = {2017},
  url = {https://www.R-project.org/},
}
@Book{R-ggplot2,
  author = {Hadley Wickham},
  title = {{g}gplot2: Elegant Graphics for Data Analysis},
  publisher = {Springer-Verlag New York},
  year = {2009},
  isbn = {978-0-387-98140-6},
  url = {http://ggplot2.org},
}
@Manual{R-gridExtra,
  title = {{g}ridExtra: Miscellaneous Functions for "Grid" Graphics},
  author = {Baptiste Auguie},
  year = {2017},
  note = {R package version 2.3},
  url = {https://CRAN.R-project.org/package=gridExtra},
}
@Manual{R-papaja,
  author = {Frederik Aust and Marius Barth},
  title = {{papaja}: {Create} {APA} manuscripts with {R Markdown}},
  year = {2017},
  note = {R package version 0.1.0.9492},
  url = {https://github.com/crsh/papaja},
}
@Manual{R-pwr,
  title = {{p}wr: Basic Functions for Power Analysis},
  author = {Stephane Champely},
  year = {2017},
  note = {R package version 1.2-1},
  url = {https://CRAN.R-project.org/package=pwr},
}
@Book{R-knitr,
  title = {Dynamic Documents with {R} and {k}nitr},
  author = {Yihui Xie},
  publisher = {Chapman and Hall/CRC},
  address = {Boca Raton, Florida},
  year = {2015},
  edition = {2nd},
  note = {ISBN 978-1498716963},
  url = {https://yihui.name/knitr/},
}
@Manual{R-rmarkdown,
  title = {{r}markdown: Dynamic Documents for {R}},
  author = {JJ Allaire and Yihui Xie and Jonathan McPherson and Javier Luraschi and Kevin Ushey and Aron Atkins and Hadley Wickham and Joe Cheng and Winston Chang},
  year = {2017},
  note = {R package version 1.7},
  url = {https://CRAN.R-project.org/package=rmarkdown},
}
@Manual{R-TOSTER,
  title = {{TOSTER}: Two One-Sided Tests ({TOST}) Equivalence Testing},
  author = {Daniel Lakens},
  year = {2017},
  note = {R package version 0.3},
  url = {https://CRAN.R-project.org/package=TOSTER},
}
@Book{R-bookdown,
  title = {{b}ookdown: Authoring Books and Technical Documents with {R} Markdown},
  author = {Yihui Xie},
  publisher = {Chapman and Hall/CRC},
  address = {Boca Raton, Florida},
  year = {2016},
  note = {ISBN 978-1138700109},
  url = {https://github.com/rstudio/bookdown},
}
@Manual{R-purrr,
  title = {{p}urrr: Functional Programming Tools},
  author = {Lionel Henry and Hadley Wickham},
  year = {2017},
  note = {R package version 0.2.4},
  url = {https://CRAN.R-project.org/package=purrr},
}
@Book{R-lattice,
  title = {Lattice: Multivariate Data Visualization with {R}},
  author = {Deepayan Sarkar},
  publisher = {Springer},
  address = {New York},
  year = {2008},
  note = {ISBN 978-0-387-75968-5},
  url = {http://lmdvr.r-forge.r-project.org},
}